%YAML 1.1
%TAG !u! tag:unity3d.com,2011:
--- !u!1 &5660009451279721093
GameObject:
  m_ObjectHideFlags: 0
  m_CorrespondingSourceObject: {fileID: 0}
  m_PrefabInstance: {fileID: 0}
  m_PrefabAsset: {fileID: 0}
  serializedVersion: 6
  m_Component:
  - component: {fileID: 5660009451279721088}
  - component: {fileID: 5660009451279721091}
  - component: {fileID: 5660009451279721090}
  - component: {fileID: 965500237340854028}
  - component: {fileID: 7851438311338213597}
  m_Layer: 0
  m_Name: NO_newspaper_SR
  m_TagString: Untagged
  m_Icon: {fileID: 0}
  m_NavMeshLayer: 0
  m_StaticEditorFlags: 4294967295
  m_IsActive: 1
--- !u!4 &5660009451279721088
Transform:
  m_ObjectHideFlags: 0
  m_CorrespondingSourceObject: {fileID: 0}
  m_PrefabInstance: {fileID: 0}
  m_PrefabAsset: {fileID: 0}
  m_GameObject: {fileID: 5660009451279721093}
  m_LocalRotation: {x: -0, y: 0.1395133, z: -0, w: 0.9902202}
  m_LocalPosition: {x: 0.421, y: 0.013, z: 0.733}
  m_LocalScale: {x: 10, y: 10, z: 10}
  m_Children: []
  m_Father: {fileID: 0}
  m_RootOrder: 0
  m_LocalEulerAnglesHint: {x: 0, y: 16.039001, z: 0}
--- !u!33 &5660009451279721091
MeshFilter:
  m_ObjectHideFlags: 0
  m_CorrespondingSourceObject: {fileID: 0}
  m_PrefabInstance: {fileID: 0}
  m_PrefabAsset: {fileID: 0}
  m_GameObject: {fileID: 5660009451279721093}
  m_Mesh: {fileID: 4300000, guid: c4d69c4f7b49e2f4685d4ee7273b8428, type: 3}
--- !u!23 &5660009451279721090
MeshRenderer:
  m_ObjectHideFlags: 0
  m_CorrespondingSourceObject: {fileID: 0}
  m_PrefabInstance: {fileID: 0}
  m_PrefabAsset: {fileID: 0}
  m_GameObject: {fileID: 5660009451279721093}
  m_Enabled: 1
  m_CastShadows: 1
  m_ReceiveShadows: 1
  m_DynamicOccludee: 1
  m_MotionVectors: 1
  m_LightProbeUsage: 1
  m_ReflectionProbeUsage: 1
  m_RenderingLayerMask: 1
  m_RendererPriority: 0
  m_Materials:
  - {fileID: 2100000, guid: c4d69c4f7b49e2f4685d4ee7273b8428, type: 3}
  m_StaticBatchInfo:
    firstSubMesh: 0
    subMeshCount: 0
  m_StaticBatchRoot: {fileID: 0}
  m_ProbeAnchor: {fileID: 0}
  m_LightProbeVolumeOverride: {fileID: 0}
  m_ScaleInLightmap: 1
  m_PreserveUVs: 0
  m_IgnoreNormalsForChartDetection: 0
  m_ImportantGI: 0
  m_StitchLightmapSeams: 0
  m_SelectedEditorRenderState: 3
  m_MinimumChartSize: 4
  m_AutoUVMaxDistance: 0.5
  m_AutoUVMaxAngle: 89
  m_LightmapParameters: {fileID: 0}
  m_SortingLayerID: 0
  m_SortingLayer: 0
  m_SortingOrder: 0
--- !u!65 &965500237340854028
BoxCollider:
  m_ObjectHideFlags: 0
  m_CorrespondingSourceObject: {fileID: 0}
  m_PrefabInstance: {fileID: 0}
  m_PrefabAsset: {fileID: 0}
  m_GameObject: {fileID: 5660009451279721093}
  m_Material: {fileID: 0}
  m_IsTrigger: 0
  m_Enabled: 1
  serializedVersion: 2
  m_Size: {x: 0.055511683, y: 0.005035631, z: 0.031303573}
  m_Center: {x: 0, y: 0, z: 0}
--- !u!114 &7851438311338213597
MonoBehaviour:
  m_ObjectHideFlags: 0
  m_CorrespondingSourceObject: {fileID: 0}
  m_PrefabInstance: {fileID: 0}
  m_PrefabAsset: {fileID: 0}
  m_GameObject: {fileID: 5660009451279721093}
  m_Enabled: 1
  m_EditorHideFlags: 0
  m_Script: {fileID: 11500000, guid: e9229d53af579e344b91a8f33c61f266, type: 3}
  m_Name: 
  m_EditorClassIdentifier: 
  description: "\u201CNewly Discovered Species on Tetania Colony C13 Takes Cloning
    Efforts to the Next Level \u2013 Will This Be the End of Labour for Mankind?\"
    I hope news of that kind will get us the funding we need to make this a reality. "
  meshFilter: {fileID: 5660009451279721091}
  renderer: {fileID: 5660009451279721090}
  hasSecret: 1
  hiddenFeatureDirection: {x: 0, y: 1, z: 0}
  hiddenDescription: "\u201CAdvertisement comment TBD\u201D"
